% This file was created with JabRef 2.10.
% Encoding: Cp1252


@Manual{MSP430x2xx.Users.Guide,
  Title                    = {MSP430x2xx Family
User's Guide},
  Author                   = {Texas Instruments},
  Month                    = {January},
  Year                     = {2012},
  URL					   = {http://www.ti.com.cn/cn/lit/ug/slau144j/slau144j.pdf},

  Owner                    = {Operator},
  Timestamp                = {28.02.2016}
}

@Manual{MSP430x4xx.Users.Guide,
	Title                    = {MSP430x4xx Family
	User's Guide},
	Author                   = {Texas Instruments},
	Month                    = {April},
	Year                     = {2013},
	URL					     = {http://www.ti.com/lit/ug/slau056l/slau056l.pdf},
	
	Owner                    = {Operator},
	Timestamp                = {28.02.2016}
}

@Manual{MSP430.Edu.Manual,
  Title                    = {MSP430 Education System v2.0
Benutzerhandbuch},

  
  Author                   = {Forschungs- uns Transferzentrum Leipzig e.V.},
  Edition                  = {1.1},
  Month                    = {September},
  Year                     = {2008},

  Owner                    = {Operator},
  Timestamp                = {28.02.2016}
}

@Manual{MSP430F449.Datasheet,
	Title = {MSP430x43x1, MSP430x43x, MSP430x44x1, MSP430x44x
	MIXED SIGNAL MICROCONTROLLER},
	Author = {Texas Instruments},
	Month = {October},
	Year ={2009},
	URL = {http://www.ti.com/lit/ds/symlink/msp430f449.pdf},
	
	Owner = {Operator},
	Timestamp = {28.02.2016}
}

@Manual{MSP430F2272.Datasheet,
	Title = {MSP430F22x2, MSP430F22x4
	MIXED SIGNAL MICROCONTROLLER},
	Author = {Texas Instruments},
	Month = {August},
	Year ={2012},
	URL = {http://www.ti.com/lit/ds/symlink/msp430f2272.pdf},
	
	Owner = {Operator},
	Timestamp = {28.02.2016}
}

@Manual{MPT.Praktikum.Wuest,
  Title                    = {Mikroprozessortechnik
Anleitung zum Laborpraktikum},
  Author                   = {Klaus Wuest},
  Month                    = {April},
  Year                     = {2015},

  Owner                    = {Operator},
  Timestamp                = {28.02.2016}
}

@Manual{MPT.Skript.Wuest,
	Title                    = {Mikroprozessortechnik Skriptum},
	Author                   = {Klaus Wuest},
	Month                    = {Januar},
	Year                     = {2015},
	
	Owner                    = {Operator},
	Timestamp                = {28.02.2016}
}
