% This file was created with JabRef 2.7b.
% Encoding: UTF-8

@INPROCEEDINGS{Bienhaus2008,
  author = {Bienhaus, Diethelm},
  title = {Patterns for Managing Data in Complex Automatic Identification and
	Data Capturing Environments.},
  booktitle = {EuroPLoP},
  year = {2008},
  editor = {Schümmer, Till},
  volume = {610},
  series = {CEUR Workshop Proceedings},
  publisher = {CEUR-WS.org},
  crossref = {conf/europlop/2008},
  ee = {http://ceur-ws.org/Vol-610/paper08.pdf},
  url = {http://dblp.uni-trier.de/db/conf/europlop/europlop2008.html#Bienhaus08}
}

@INPROCEEDINGS{Bienhaus2005,
  author = {Diethelm Bienhaus},
  title = {A Pattern Language for the Network of Things},
  booktitle = {Proceedings of 10th European Conference on Pattern Languages of Programs
	(EuroPlop 2005)},
  year = {2005},
  owner = {innias},
  timestamp = {2015.01.04}
}

@BOOK{buch,
  title = {Ich bin ein Buch},
  publisher = {Verlag},
  year = {2013},
  author = {Max Mustermann}
}

@BOOK{schlosser2011wissenschaftliche,
  title = {Wissenschaftliche Arbeiten schreiben mit LATEX : Leitfaden für Einsteiger;
	[schnell zur fertig gesetzten Arbeit - ohne Vorkenntnisse; lösungsorientierte
	und verständliche Beschreibungen; von Tabellen und Formeln über Grafiken
	bis zum Literaturverzeichnis]},
  publisher = {mitp},
  year = {2011},
  author = {Schlosser, Joachim},
  address = {Heidelberg; München; Landsberg; Frechen; Hamburg},
  isbn = {9783826691027 3826691024}
}

@MISC{stallman99,
  author = {Stallman, Richard Matthew and Krempl, Stefan},
  title = {{S}oftware mu{\ss} frei sein!},
  howpublished = {Website},
  year = {1999},
  note = {Online erhältlich unter \url{http://www.heise.de/tp/deutsch/inhalt/te/2860/1.html};
	abgerufen am 8. Januar 2005.}
}

@PROCEEDINGS{iot2008,
  title = {The Internet of Things. First International Conference, IOT 2008,
	Zurich, Switzerland, March 26-28, 2008, Proceedings},
  year = {2008},
  editor = {Christian Floerkemeier and Marc Langheinrich and Elgar Fleisch and
	Friedemann Mattern and Sanjay E. Sarma},
  volume = {4952},
  series = {LNCS},
  address = {Berlin Heidelberg New York},
  publisher = {Springer},
  note = {Available in print and online.},
  month = mar
}

